<?xml version="1.0" encoding="UTF-8"?><collection xmlns="http://www.loc.gov/MARC21/slim"><record><leader>00364nam--2200145-i-4500</leader><controlfield tag="001">000030928</controlfield><controlfield tag="002">20161230</controlfield><controlfield tag="005">20161230201038</controlfield><controlfield tag="008">060222s1000------------r-----000-0-eng-d</controlfield><datafield ind1=" " ind2=" " tag="080"><subfield code="a">517</subfield></datafield><datafield ind1=" " ind2=" " tag="100"><subfield code="a">Moisil, Gr.C</subfield></datafield><datafield ind1=" " ind2=" " tag="245"><subfield code="a">Ecuatii cu derivate partiale de ordinul 1</subfield></datafield><datafield ind1=" " ind2=" " tag="260"><subfield code="a">/F.Loc., Edit.Si An/, 220p</subfield></datafield><datafield ind1=" " ind2=" " tag="852"><subfield code="a">47811</subfield><subfield code="c">517</subfield></datafield><datafield ind1=" " ind2=" " tag="CAT"><subfield code="a">Sys</subfield><subfield code="c">20080707</subfield><subfield code="h">124012</subfield></datafield></record></collection>